@article{ahmadi2020evaluation,
  title={Evaluation of electrical efficiency of photovoltaic thermal solar collector},
  author={Ahmadi, Mohammad Hossein and Baghban, Alireza and Sadeghzadeh, Milad and Zamen, Mohammad and Mosavi, Amir and Shamshirband, Shahaboddin and Kumar, Ravinder and Mohammadi-Khanaposhtani, Mohammad},
  journal={Engineering Applications of Computational Fluid Mechanics},
  volume={14},
  number={1},
  pages={545--565},
  year={2020},
  publisher={Taylor \& Francis}
} 

@article{khatibi2019generation,
  title={Generation and combination of the solar cells: A current model review},
  author={Khatibi, Ali and Razi Astaraei, Fatemeh and Ahmadi, Mohammad Hossein},
  journal={Energy Science \& Engineering},
  volume={7},
  number={2},
  pages={305--322},
  year={2019},
  publisher={Wiley Online Library}
}

@report{irena2020,
  title        = {Renewable Capacity Statistics 2020},
  author       = {International Renewable Energy Agency (IRENA)},
  year         = {2020},
  institution  = {IRENA},
  address      = {Abu Dhabi},
  url          = {https://www.irena.org/publications/2020/Mar/Renewable-Capacity-Statistics-2020}
}

@ARTICLE{4207429,
  author={Esram, Trishan and Chapman, Patrick L.},
  journal={IEEE Transactions on Energy Conversion}, 
  title={Comparison of Photovoltaic Array Maximum Power Point Tracking Techniques}, 
  year={2007},
  volume={22},
  number={2},
  pages={439-449},
  keywords={Photovoltaic systems;Solar power generation;Temperature;Costs;Convergence;Hardware;Bibliographies;Machinery;Sensor phenomena and characterization;Voltage;Maximum power point tracking (MPPT);photovoltaic (PV)},
  doi={10.1109/TEC.2006.874230}}

@article{KOUSSA20111756,
title = {Measured and modelled improvement in solar energy yield from flat plate photovoltaic systems utilizing different tracking systems and under a range of environmental conditions},
journal = {Applied Energy},
volume = {88},
number = {5},
pages = {1756-1771},
year = {2011},
issn = {0306-2619},
doi = {https://doi.org/10.1016/j.apenergy.2010.12.002},
url = {https://www.sciencedirect.com/science/article/pii/S0306261910005088},
author = {M. Koussa and A. Cheknane and S. Hadji and M. Haddadi and S. Noureddine},
keywords = {Sun tracking, Photovoltaic, Gain, Solar irradiation}
}
